<?xml version="1.0" encoding="UTF-8"?><collection xmlns="http://www.loc.gov/MARC21/slim"><record><leader>00718nam--2200205-u-4500</leader><controlfield tag="001">000051132</controlfield><controlfield tag="002">20161230</controlfield><controlfield tag="005">20161230201049</controlfield><controlfield tag="008">080522s1000------------r-----000-0-eng-d</controlfield><datafield ind1=" " ind2=" " tag="020"><subfield code="a">3-540-27326-3</subfield></datafield><datafield ind1=" " ind2=" " tag="040"><subfield code="a">IFIN-HH</subfield></datafield><datafield ind1=" " ind2=" " tag="080"><subfield code="a">519.21</subfield></datafield><datafield ind1="1" ind2=" " tag="100"><subfield code="a">Godo, Lluis (Ed.)</subfield></datafield><datafield ind1="1" ind2="0" tag="245"><subfield code="a">Symbolic and Quantitative Approaches to Reasoning with Uncertainty</subfield><subfield code="b">8th European Conference, ECSQARU 2005, Barcelona, Spain, July 2005, Proceedings</subfield><subfield code="c">Lluis Godo</subfield></datafield><datafield ind1=" " ind2=" " tag="260"><subfield code="a">Berlin</subfield><subfield code="b">Springer - Verlag</subfield><subfield code="c">2005</subfield></datafield><datafield ind1=" " ind2=" " tag="300"><subfield code="a">1028 p</subfield></datafield><datafield ind1=" " ind2=" " tag="490"><subfield code="a">Lecture Notes in Artificial Intelligence. Subseries of Lecture Notes in Computer Science</subfield><subfield code="v">vol. 3571</subfield></datafield><datafield ind1="1" ind2=" " tag="700"><subfield code="a">Godo, Lluis</subfield></datafield><datafield ind1=" " ind2=" " tag="852"><subfield code="a">82042</subfield><subfield code="c">519.2</subfield></datafield><datafield ind1=" " ind2=" " tag="CAT"><subfield code="a">Sys</subfield><subfield code="c">20100621</subfield><subfield code="h">141002</subfield></datafield></record></collection>